%YAML 1.1
%TAG !u! tag:unity3d.com,2011:
--- !u!29 &1
OcclusionCullingSettings:
  m_ObjectHideFlags: 0
  serializedVersion: 2
  m_OcclusionBakeSettings:
    smallestOccluder: 5
    smallestHole: 0.25
    backfaceThreshold: 100
  m_SceneGUID: 00000000000000000000000000000000
  m_OcclusionCullingData: {fileID: 0}
--- !u!104 &2
RenderSettings:
  m_ObjectHideFlags: 0
  serializedVersion: 9
  m_Fog: 0
  m_FogColor: {r: 0.5, g: 0.5, b: 0.5, a: 1}
  m_FogMode: 3
  m_FogDensity: 0.01
  m_LinearFogStart: 0
  m_LinearFogEnd: 300
  m_AmbientSkyColor: {r: 0.212, g: 0.227, b: 0.259, a: 1}
  m_AmbientEquatorColor: {r: 0.114, g: 0.125, b: 0.133, a: 1}
  m_AmbientGroundColor: {r: 0.047, g: 0.043, b: 0.035, a: 1}
  m_AmbientIntensity: 1
  m_AmbientMode: 0
  m_SubtractiveShadowColor: {r: 0.42, g: 0.478, b: 0.627, a: 1}
  m_SkyboxMaterial: {fileID: 10304, guid: 0000000000000000f000000000000000, type: 0}
  m_HaloStrength: 0.5
  m_FlareStrength: 1
  m_FlareFadeSpeed: 3
  m_HaloTexture: {fileID: 0}
  m_SpotCookie: {fileID: 10001, guid: 0000000000000000e000000000000000, type: 0}
  m_DefaultReflectionMode: 0
  m_DefaultReflectionResolution: 128
  m_ReflectionBounces: 1
  m_ReflectionIntensity: 1
  m_CustomReflection: {fileID: 0}
  m_Sun: {fileID: 0}
  m_IndirectSpecularColor: {r: 0, g: 0, b: 0, a: 1}
  m_UseRadianceAmbientProbe: 0
--- !u!157 &3
LightmapSettings:
  m_ObjectHideFlags: 0
  serializedVersion: 11
  m_GIWorkflowMode: 1
  m_GISettings:
    serializedVersion: 2
    m_BounceScale: 1
    m_IndirectOutputScale: 1
    m_AlbedoBoost: 1
    m_EnvironmentLightingMode: 0
    m_EnableBakedLightmaps: 1
    m_EnableRealtimeLightmaps: 1
  m_LightmapEditorSettings:
    serializedVersion: 12
    m_Resolution: 2
    m_BakeResolution: 40
    m_AtlasSize: 1024
    m_AO: 0
    m_AOMaxDistance: 1
    m_CompAOExponent: 1
    m_CompAOExponentDirect: 0
    m_ExtractAmbientOcclusion: 0
    m_Padding: 2
    m_LightmapParameters: {fileID: 0}
    m_LightmapsBakeMode: 1
    m_TextureCompression: 1
    m_FinalGather: 0
    m_FinalGatherFiltering: 1
    m_FinalGatherRayCount: 256
    m_ReflectionCompression: 2
    m_MixedBakeMode: 2
    m_BakeBackend: 1
    m_PVRSampling: 1
    m_PVRDirectSampleCount: 32
    m_PVRSampleCount: 512
    m_PVRBounces: 2
    m_PVREnvironmentSampleCount: 256
    m_PVREnvironmentReferencePointCount: 2048
    m_PVRFilteringMode: 1
    m_PVRDenoiserTypeDirect: 1
    m_PVRDenoiserTypeIndirect: 1
    m_PVRDenoiserTypeAO: 1
    m_PVRFilterTypeDirect: 0
    m_PVRFilterTypeIndirect: 0
    m_PVRFilterTypeAO: 0
    m_PVREnvironmentMIS: 1
    m_PVRCulling: 1
    m_PVRFilteringGaussRadiusDirect: 1
    m_PVRFilteringGaussRadiusIndirect: 5
    m_PVRFilteringGaussRadiusAO: 2
    m_PVRFilteringAtrousPositionSigmaDirect: 0.5
    m_PVRFilteringAtrousPositionSigmaIndirect: 2
    m_PVRFilteringAtrousPositionSigmaAO: 1
    m_ExportTrainingData: 0
    m_TrainingDataDestination: TrainingData
  m_LightingDataAsset: {fileID: 0}
  m_UseShadowmask: 1
--- !u!196 &4
NavMeshSettings:
  serializedVersion: 2
  m_ObjectHideFlags: 0
  m_BuildSettings:
    serializedVersion: 2
    agentTypeID: 0
    agentRadius: 0.5
    agentHeight: 2
    agentSlope: 45
    agentClimb: 0.4
    ledgeDropHeight: 0
    maxJumpAcrossDistance: 0
    minRegionArea: 2
    manualCellSize: 0
    cellSize: 0.16666667
    manualTileSize: 0
    tileSize: 256
    accuratePlacement: 0
    debug:
      m_Flags: 0
  m_NavMeshData: {fileID: 0}
--- !u!1 &152675150
GameObject:
  m_ObjectHideFlags: 0
  m_CorrespondingSourceObject: {fileID: 0}
  m_PrefabInstance: {fileID: 0}
  m_PrefabAsset: {fileID: 0}
  serializedVersion: 6
  m_Component:
  - component: {fileID: 152675153}
  - component: {fileID: 152675152}
  - component: {fileID: 152675151}
  m_Layer: 0
  m_Name: EventSystem
  m_TagString: Untagged
  m_Icon: {fileID: 0}
  m_NavMeshLayer: 0
  m_StaticEditorFlags: 0
  m_IsActive: 1
--- !u!114 &152675151
MonoBehaviour:
  m_ObjectHideFlags: 0
  m_CorrespondingSourceObject: {fileID: 0}
  m_PrefabInstance: {fileID: 0}
  m_PrefabAsset: {fileID: 0}
  m_GameObject: {fileID: 152675150}
  m_Enabled: 1
  m_EditorHideFlags: 0
  m_Script: {fileID: 11500000, guid: 4f231c4fb786f3946a6b90b886c48677, type: 3}
  m_Name: 
  m_EditorClassIdentifier: 
  m_HorizontalAxis: Horizontal
  m_VerticalAxis: Vertical
  m_SubmitButton: Submit
  m_CancelButton: Cancel
  m_InputActionsPerSecond: 10
  m_RepeatDelay: 0.5
  m_ForceModuleActive: 0
--- !u!114 &152675152
MonoBehaviour:
  m_ObjectHideFlags: 0
  m_CorrespondingSourceObject: {fileID: 0}
  m_PrefabInstance: {fileID: 0}
  m_PrefabAsset: {fileID: 0}
  m_GameObject: {fileID: 152675150}
  m_Enabled: 1
  m_EditorHideFlags: 0
  m_Script: {fileID: 11500000, guid: 76c392e42b5098c458856cdf6ecaaaa1, type: 3}
  m_Name: 
  m_EditorClassIdentifier: 
  m_FirstSelected: {fileID: 0}
  m_sendNavigationEvents: 1
  m_DragThreshold: 10
--- !u!4 &152675153
Transform:
  m_ObjectHideFlags: 0
  m_CorrespondingSourceObject: {fileID: 0}
  m_PrefabInstance: {fileID: 0}
  m_PrefabAsset: {fileID: 0}
  m_GameObject: {fileID: 152675150}
  m_LocalRotation: {x: 0, y: 0, z: 0, w: 1}
  m_LocalPosition: {x: 0, y: 0, z: 0}
  m_LocalScale: {x: 1, y: 1, z: 1}
  m_Children: []
  m_Father: {fileID: 0}
  m_RootOrder: 1
  m_LocalEulerAnglesHint: {x: 0, y: 0, z: 0}
--- !u!1001 &344837779
PrefabInstance:
  m_ObjectHideFlags: 0
  serializedVersion: 2
  m_Modification:
    m_TransformParent: {fileID: 0}
    m_Modifications:
    - target: {fileID: 6658382744564053828, guid: 7037c7b1690c45b41ad23795fc902455,
        type: 3}
      propertyPath: m_Name
      value: HouseCanvas
      objectReference: {fileID: 0}
    - target: {fileID: 6658382744564053828, guid: 7037c7b1690c45b41ad23795fc902455,
        type: 3}
      propertyPath: m_IsActive
      value: 0
      objectReference: {fileID: 0}
    - target: {fileID: 6528784344739041666, guid: 7037c7b1690c45b41ad23795fc902455,
        type: 3}
      propertyPath: m_LocalPosition.x
      value: 0
      objectReference: {fileID: 0}
    - target: {fileID: 6528784344739041666, guid: 7037c7b1690c45b41ad23795fc902455,
        type: 3}
      propertyPath: m_LocalPosition.y
      value: 0
      objectReference: {fileID: 0}
    - target: {fileID: 6528784344739041666, guid: 7037c7b1690c45b41ad23795fc902455,
        type: 3}
      propertyPath: m_LocalPosition.z
      value: 0
      objectReference: {fileID: 0}
    - target: {fileID: 6528784344739041666, guid: 7037c7b1690c45b41ad23795fc902455,
        type: 3}
      propertyPath: m_LocalRotation.x
      value: 0
      objectReference: {fileID: 0}
    - target: {fileID: 6528784344739041666, guid: 7037c7b1690c45b41ad23795fc902455,
        type: 3}
      propertyPath: m_LocalRotation.y
      value: 0
      objectReference: {fileID: 0}
    - target: {fileID: 6528784344739041666, guid: 7037c7b1690c45b41ad23795fc902455,
        type: 3}
      propertyPath: m_LocalRotation.z
      value: 0
      objectReference: {fileID: 0}
    - target: {fileID: 6528784344739041666, guid: 7037c7b1690c45b41ad23795fc902455,
        type: 3}
      propertyPath: m_LocalRotation.w
      value: 1
      objectReference: {fileID: 0}
    - target: {fileID: 6528784344739041666, guid: 7037c7b1690c45b41ad23795fc902455,
        type: 3}
      propertyPath: m_RootOrder
      value: 3
      objectReference: {fileID: 0}
    - target: {fileID: 6528784344739041666, guid: 7037c7b1690c45b41ad23795fc902455,
        type: 3}
      propertyPath: m_LocalEulerAnglesHint.x
      value: 0
      objectReference: {fileID: 0}
    - target: {fileID: 6528784344739041666, guid: 7037c7b1690c45b41ad23795fc902455,
        type: 3}
      propertyPath: m_LocalEulerAnglesHint.y
      value: 0
      objectReference: {fileID: 0}
    - target: {fileID: 6528784344739041666, guid: 7037c7b1690c45b41ad23795fc902455,
        type: 3}
      propertyPath: m_LocalEulerAnglesHint.z
      value: 0
      objectReference: {fileID: 0}
    - target: {fileID: 6528784344739041666, guid: 7037c7b1690c45b41ad23795fc902455,
        type: 3}
      propertyPath: m_AnchoredPosition.x
      value: 0
      objectReference: {fileID: 0}
    - target: {fileID: 6528784344739041666, guid: 7037c7b1690c45b41ad23795fc902455,
        type: 3}
      propertyPath: m_AnchoredPosition.y
      value: 0
      objectReference: {fileID: 0}
    - target: {fileID: 6528784344739041666, guid: 7037c7b1690c45b41ad23795fc902455,
        type: 3}
      propertyPath: m_SizeDelta.x
      value: 0
      objectReference: {fileID: 0}
    - target: {fileID: 6528784344739041666, guid: 7037c7b1690c45b41ad23795fc902455,
        type: 3}
      propertyPath: m_SizeDelta.y
      value: 0
      objectReference: {fileID: 0}
    - target: {fileID: 6528784344739041666, guid: 7037c7b1690c45b41ad23795fc902455,
        type: 3}
      propertyPath: m_AnchorMin.x
      value: 0
      objectReference: {fileID: 0}
    - target: {fileID: 6528784344739041666, guid: 7037c7b1690c45b41ad23795fc902455,
        type: 3}
      propertyPath: m_AnchorMin.y
      value: 0
      objectReference: {fileID: 0}
    - target: {fileID: 6528784344739041666, guid: 7037c7b1690c45b41ad23795fc902455,
        type: 3}
      propertyPath: m_AnchorMax.x
      value: 0
      objectReference: {fileID: 0}
    - target: {fileID: 6528784344739041666, guid: 7037c7b1690c45b41ad23795fc902455,
        type: 3}
      propertyPath: m_AnchorMax.y
      value: 0
      objectReference: {fileID: 0}
    - target: {fileID: 6528784344739041666, guid: 7037c7b1690c45b41ad23795fc902455,
        type: 3}
      propertyPath: m_Pivot.x
      value: 0
      objectReference: {fileID: 0}
    - target: {fileID: 6528784344739041666, guid: 7037c7b1690c45b41ad23795fc902455,
        type: 3}
      propertyPath: m_Pivot.y
      value: 0
      objectReference: {fileID: 0}
    - target: {fileID: 2689304063602146997, guid: 7037c7b1690c45b41ad23795fc902455,
        type: 3}
      propertyPath: m_RenderMode
      value: 0
      objectReference: {fileID: 0}
    - target: {fileID: 2689304063602146997, guid: 7037c7b1690c45b41ad23795fc902455,
        type: 3}
      propertyPath: m_Camera
      value: 
      objectReference: {fileID: 426150394}
    - target: {fileID: 2689304063602146997, guid: 7037c7b1690c45b41ad23795fc902455,
        type: 3}
      propertyPath: m_PlaneDistance
      value: 1
      objectReference: {fileID: 0}
    - target: {fileID: 2689304063602146997, guid: 7037c7b1690c45b41ad23795fc902455,
        type: 3}
      propertyPath: m_AdditionalShaderChannelsFlag
      value: 25
      objectReference: {fileID: 0}
    - target: {fileID: 4402181267867158536, guid: 7037c7b1690c45b41ad23795fc902455,
        type: 3}
      propertyPath: m_textInfo.characterCount
      value: 0
      objectReference: {fileID: 0}
    - target: {fileID: 4402181267867158536, guid: 7037c7b1690c45b41ad23795fc902455,
        type: 3}
      propertyPath: m_textInfo.spaceCount
      value: 0
      objectReference: {fileID: 0}
    - target: {fileID: 4402181267867158536, guid: 7037c7b1690c45b41ad23795fc902455,
        type: 3}
      propertyPath: m_textInfo.wordCount
      value: 0
      objectReference: {fileID: 0}
    - target: {fileID: 4402181267867158536, guid: 7037c7b1690c45b41ad23795fc902455,
        type: 3}
      propertyPath: m_textInfo.lineCount
      value: 0
      objectReference: {fileID: 0}
    - target: {fileID: 4402181267867158536, guid: 7037c7b1690c45b41ad23795fc902455,
        type: 3}
      propertyPath: m_textInfo.pageCount
      value: 0
      objectReference: {fileID: 0}
    - target: {fileID: 4402181267867158536, guid: 7037c7b1690c45b41ad23795fc902455,
        type: 3}
      propertyPath: m_textInfo.materialCount
      value: 1
      objectReference: {fileID: 0}
    - target: {fileID: 8466138505983457690, guid: 7037c7b1690c45b41ad23795fc902455,
        type: 3}
      propertyPath: m_textInfo.characterCount
      value: 0
      objectReference: {fileID: 0}
    - target: {fileID: 8466138505983457690, guid: 7037c7b1690c45b41ad23795fc902455,
        type: 3}
      propertyPath: m_textInfo.spaceCount
      value: 0
      objectReference: {fileID: 0}
    - target: {fileID: 8466138505983457690, guid: 7037c7b1690c45b41ad23795fc902455,
        type: 3}
      propertyPath: m_textInfo.wordCount
      value: 0
      objectReference: {fileID: 0}
    - target: {fileID: 8466138505983457690, guid: 7037c7b1690c45b41ad23795fc902455,
        type: 3}
      propertyPath: m_textInfo.lineCount
      value: 0
      objectReference: {fileID: 0}
    - target: {fileID: 8466138505983457690, guid: 7037c7b1690c45b41ad23795fc902455,
        type: 3}
      propertyPath: m_textInfo.pageCount
      value: 0
      objectReference: {fileID: 0}
    - target: {fileID: 8466138505983457690, guid: 7037c7b1690c45b41ad23795fc902455,
        type: 3}
      propertyPath: m_textInfo.materialCount
      value: 1
      objectReference: {fileID: 0}
    - target: {fileID: 8867631934473017417, guid: 7037c7b1690c45b41ad23795fc902455,
        type: 3}
      propertyPath: m_AnchorMin.y
      value: 1
      objectReference: {fileID: 0}
    - target: {fileID: 8867631934473017417, guid: 7037c7b1690c45b41ad23795fc902455,
        type: 3}
      propertyPath: m_AnchorMax.y
      value: 1
      objectReference: {fileID: 0}
    - target: {fileID: 8867631934473017417, guid: 7037c7b1690c45b41ad23795fc902455,
        type: 3}
      propertyPath: m_AnchoredPosition.x
      value: 450
      objectReference: {fileID: 0}
    - target: {fileID: 8867631934473017417, guid: 7037c7b1690c45b41ad23795fc902455,
        type: 3}
      propertyPath: m_AnchoredPosition.y
      value: -120
      objectReference: {fileID: 0}
    - target: {fileID: 8356217668141003614, guid: 7037c7b1690c45b41ad23795fc902455,
        type: 3}
      propertyPath: m_AnchorMin.y
      value: 1
      objectReference: {fileID: 0}
    - target: {fileID: 8356217668141003614, guid: 7037c7b1690c45b41ad23795fc902455,
        type: 3}
      propertyPath: m_AnchorMax.y
      value: 1
      objectReference: {fileID: 0}
    - target: {fileID: 8356217668141003614, guid: 7037c7b1690c45b41ad23795fc902455,
        type: 3}
      propertyPath: m_AnchoredPosition.x
      value: 50
      objectReference: {fileID: 0}
    - target: {fileID: 8356217668141003614, guid: 7037c7b1690c45b41ad23795fc902455,
        type: 3}
      propertyPath: m_AnchoredPosition.y
      value: -300
      objectReference: {fileID: 0}
    - target: {fileID: 5456543376049322281, guid: 7037c7b1690c45b41ad23795fc902455,
        type: 3}
      propertyPath: m_AnchorMin.y
      value: 1
      objectReference: {fileID: 0}
    - target: {fileID: 5456543376049322281, guid: 7037c7b1690c45b41ad23795fc902455,
        type: 3}
      propertyPath: m_AnchorMax.y
      value: 1
      objectReference: {fileID: 0}
    - target: {fileID: 5456543376049322281, guid: 7037c7b1690c45b41ad23795fc902455,
        type: 3}
      propertyPath: m_AnchoredPosition.x
      value: 450
      objectReference: {fileID: 0}
    - target: {fileID: 5456543376049322281, guid: 7037c7b1690c45b41ad23795fc902455,
        type: 3}
      propertyPath: m_AnchoredPosition.y
      value: -480
      objectReference: {fileID: 0}
    - target: {fileID: 2225764231481570015, guid: 7037c7b1690c45b41ad23795fc902455,
        type: 3}
      propertyPath: m_AnchorMin.y
      value: 1
      objectReference: {fileID: 0}
    - target: {fileID: 2225764231481570015, guid: 7037c7b1690c45b41ad23795fc902455,
        type: 3}
      propertyPath: m_AnchorMax.y
      value: 1
      objectReference: {fileID: 0}
    - target: {fileID: 2225764231481570015, guid: 7037c7b1690c45b41ad23795fc902455,
        type: 3}
      propertyPath: m_AnchoredPosition.x
      value: 450
      objectReference: {fileID: 0}
    - target: {fileID: 2225764231481570015, guid: 7037c7b1690c45b41ad23795fc902455,
        type: 3}
      propertyPath: m_AnchoredPosition.y
      value: -700
      objectReference: {fileID: 0}
    - target: {fileID: 4957067549781684304, guid: 7037c7b1690c45b41ad23795fc902455,
        type: 3}
      propertyPath: m_AnchorMax.x
      value: 1
      objectReference: {fileID: 0}
    - target: {fileID: 4957067549781684304, guid: 7037c7b1690c45b41ad23795fc902455,
        type: 3}
      propertyPath: m_AnchorMax.y
      value: 1
      objectReference: {fileID: 0}
    - target: {fileID: 4957067549781684304, guid: 7037c7b1690c45b41ad23795fc902455,
        type: 3}
      propertyPath: m_SizeDelta.x
      value: -20
      objectReference: {fileID: 0}
    - target: {fileID: 4957067549124204010, guid: 7037c7b1690c45b41ad23795fc902455,
        type: 3}
      propertyPath: m_textInfo.characterCount
      value: 0
      objectReference: {fileID: 0}
    - target: {fileID: 4957067549124204010, guid: 7037c7b1690c45b41ad23795fc902455,
        type: 3}
      propertyPath: m_textInfo.spaceCount
      value: 0
      objectReference: {fileID: 0}
    - target: {fileID: 4957067549124204010, guid: 7037c7b1690c45b41ad23795fc902455,
        type: 3}
      propertyPath: m_textInfo.wordCount
      value: 0
      objectReference: {fileID: 0}
    - target: {fileID: 4957067549124204010, guid: 7037c7b1690c45b41ad23795fc902455,
        type: 3}
      propertyPath: m_textInfo.lineCount
      value: 0
      objectReference: {fileID: 0}
    - target: {fileID: 4957067549124204010, guid: 7037c7b1690c45b41ad23795fc902455,
        type: 3}
      propertyPath: m_textInfo.pageCount
      value: 0
      objectReference: {fileID: 0}
    - target: {fileID: 4957067549124204010, guid: 7037c7b1690c45b41ad23795fc902455,
        type: 3}
      propertyPath: m_textInfo.materialCount
      value: 1
      objectReference: {fileID: 0}
    - target: {fileID: 1724350233499947442, guid: 7037c7b1690c45b41ad23795fc902455,
        type: 3}
      propertyPath: m_AnchorMin.y
      value: 1
      objectReference: {fileID: 0}
    - target: {fileID: 1724350233499947442, guid: 7037c7b1690c45b41ad23795fc902455,
        type: 3}
      propertyPath: m_AnchorMax.y
      value: 1
      objectReference: {fileID: 0}
    - target: {fileID: 1724350233499947442, guid: 7037c7b1690c45b41ad23795fc902455,
        type: 3}
      propertyPath: m_AnchoredPosition.x
      value: 200
      objectReference: {fileID: 0}
    - target: {fileID: 1724350233499947442, guid: 7037c7b1690c45b41ad23795fc902455,
        type: 3}
      propertyPath: m_AnchoredPosition.y
      value: -50
      objectReference: {fileID: 0}
    - target: {fileID: 1724350233499947442, guid: 7037c7b1690c45b41ad23795fc902455,
        type: 3}
      propertyPath: m_SizeDelta.x
      value: 400
      objectReference: {fileID: 0}
    - target: {fileID: 1724350233499947442, guid: 7037c7b1690c45b41ad23795fc902455,
        type: 3}
      propertyPath: m_SizeDelta.y
      value: 100
      objectReference: {fileID: 0}
    - target: {fileID: 6751523125085526070, guid: 7037c7b1690c45b41ad23795fc902455,
        type: 3}
      propertyPath: m_AnchorMin.y
      value: 1
      objectReference: {fileID: 0}
    - target: {fileID: 6751523125085526070, guid: 7037c7b1690c45b41ad23795fc902455,
        type: 3}
      propertyPath: m_AnchorMax.y
      value: 1
      objectReference: {fileID: 0}
    - target: {fileID: 6751523125085526070, guid: 7037c7b1690c45b41ad23795fc902455,
        type: 3}
      propertyPath: m_AnchoredPosition.x
      value: 600
      objectReference: {fileID: 0}
    - target: {fileID: 6751523125085526070, guid: 7037c7b1690c45b41ad23795fc902455,
        type: 3}
      propertyPath: m_AnchoredPosition.y
      value: -50
      objectReference: {fileID: 0}
    - target: {fileID: 6751523125085526070, guid: 7037c7b1690c45b41ad23795fc902455,
        type: 3}
      propertyPath: m_SizeDelta.x
      value: 400
      objectReference: {fileID: 0}
    - target: {fileID: 6751523125085526070, guid: 7037c7b1690c45b41ad23795fc902455,
        type: 3}
      propertyPath: m_SizeDelta.y
      value: 100
      objectReference: {fileID: 0}
    - target: {fileID: 1046177479653813618, guid: 7037c7b1690c45b41ad23795fc902455,
        type: 3}
      propertyPath: m_AnchorMin.y
      value: 1
      objectReference: {fileID: 0}
    - target: {fileID: 1046177479653813618, guid: 7037c7b1690c45b41ad23795fc902455,
        type: 3}
      propertyPath: m_AnchorMax.y
      value: 1
      objectReference: {fileID: 0}
    - target: {fileID: 1046177479653813618, guid: 7037c7b1690c45b41ad23795fc902455,
        type: 3}
      propertyPath: m_AnchoredPosition.x
      value: 200
      objectReference: {fileID: 0}
    - target: {fileID: 1046177479653813618, guid: 7037c7b1690c45b41ad23795fc902455,
        type: 3}
      propertyPath: m_AnchoredPosition.y
      value: -150
      objectReference: {fileID: 0}
    - target: {fileID: 1046177479653813618, guid: 7037c7b1690c45b41ad23795fc902455,
        type: 3}
      propertyPath: m_SizeDelta.x
      value: 400
      objectReference: {fileID: 0}
    - target: {fileID: 1046177479653813618, guid: 7037c7b1690c45b41ad23795fc902455,
        type: 3}
      propertyPath: m_SizeDelta.y
      value: 100
      objectReference: {fileID: 0}
    - target: {fileID: 5864869893052853808, guid: 7037c7b1690c45b41ad23795fc902455,
        type: 3}
      propertyPath: m_AnchorMin.y
      value: 1
      objectReference: {fileID: 0}
    - target: {fileID: 5864869893052853808, guid: 7037c7b1690c45b41ad23795fc902455,
        type: 3}
      propertyPath: m_AnchorMax.y
      value: 1
      objectReference: {fileID: 0}
    - target: {fileID: 5864869893052853808, guid: 7037c7b1690c45b41ad23795fc902455,
        type: 3}
      propertyPath: m_AnchoredPosition.x
      value: 600
      objectReference: {fileID: 0}
    - target: {fileID: 5864869893052853808, guid: 7037c7b1690c45b41ad23795fc902455,
        type: 3}
      propertyPath: m_AnchoredPosition.y
      value: -150
      objectReference: {fileID: 0}
    - target: {fileID: 5864869893052853808, guid: 7037c7b1690c45b41ad23795fc902455,
        type: 3}
      propertyPath: m_SizeDelta.x
      value: 400
      objectReference: {fileID: 0}
    - target: {fileID: 5864869893052853808, guid: 7037c7b1690c45b41ad23795fc902455,
        type: 3}
      propertyPath: m_SizeDelta.y
      value: 100
      objectReference: {fileID: 0}
    - target: {fileID: 4957067549452858688, guid: 7037c7b1690c45b41ad23795fc902455,
        type: 3}
      propertyPath: m_AnchorMax.x
      value: 1
      objectReference: {fileID: 0}
    - target: {fileID: 4957067549452858688, guid: 7037c7b1690c45b41ad23795fc902455,
        type: 3}
      propertyPath: m_AnchorMax.y
      value: 1
      objectReference: {fileID: 0}
    - target: {fileID: 3624876086327311698, guid: 7037c7b1690c45b41ad23795fc902455,
        type: 3}
      propertyPath: m_textInfo.characterCount
      value: 0
      objectReference: {fileID: 0}
    - target: {fileID: 3624876086327311698, guid: 7037c7b1690c45b41ad23795fc902455,
        type: 3}
      propertyPath: m_textInfo.spaceCount
      value: 0
      objectReference: {fileID: 0}
    - target: {fileID: 3624876086327311698, guid: 7037c7b1690c45b41ad23795fc902455,
        type: 3}
      propertyPath: m_textInfo.wordCount
      value: 0
      objectReference: {fileID: 0}
    - target: {fileID: 3624876086327311698, guid: 7037c7b1690c45b41ad23795fc902455,
        type: 3}
      propertyPath: m_textInfo.lineCount
      value: 0
      objectReference: {fileID: 0}
    - target: {fileID: 3624876086327311698, guid: 7037c7b1690c45b41ad23795fc902455,
        type: 3}
      propertyPath: m_textInfo.pageCount
      value: 0
      objectReference: {fileID: 0}
    - target: {fileID: 3624876086327311698, guid: 7037c7b1690c45b41ad23795fc902455,
        type: 3}
      propertyPath: m_textInfo.materialCount
      value: 1
      objectReference: {fileID: 0}
    - target: {fileID: 3108889062337921426, guid: 7037c7b1690c45b41ad23795fc902455,
        type: 3}
      propertyPath: m_textInfo.characterCount
      value: 0
      objectReference: {fileID: 0}
    - target: {fileID: 3108889062337921426, guid: 7037c7b1690c45b41ad23795fc902455,
        type: 3}
      propertyPath: m_textInfo.spaceCount
      value: 0
      objectReference: {fileID: 0}
    - target: {fileID: 3108889062337921426, guid: 7037c7b1690c45b41ad23795fc902455,
        type: 3}
      propertyPath: m_textInfo.wordCount
      value: 0
      objectReference: {fileID: 0}
    - target: {fileID: 3108889062337921426, guid: 7037c7b1690c45b41ad23795fc902455,
        type: 3}
      propertyPath: m_textInfo.lineCount
      value: 0
      objectReference: {fileID: 0}
    - target: {fileID: 3108889062337921426, guid: 7037c7b1690c45b41ad23795fc902455,
        type: 3}
      propertyPath: m_textInfo.pageCount
      value: 0
      objectReference: {fileID: 0}
    - target: {fileID: 3108889062337921426, guid: 7037c7b1690c45b41ad23795fc902455,
        type: 3}
      propertyPath: m_textInfo.materialCount
      value: 1
      objectReference: {fileID: 0}
    - target: {fileID: 8651978367848314070, guid: 7037c7b1690c45b41ad23795fc902455,
        type: 3}
      propertyPath: m_textInfo.characterCount
      value: 0
      objectReference: {fileID: 0}
    - target: {fileID: 8651978367848314070, guid: 7037c7b1690c45b41ad23795fc902455,
        type: 3}
      propertyPath: m_textInfo.spaceCount
      value: 0
      objectReference: {fileID: 0}
    - target: {fileID: 8651978367848314070, guid: 7037c7b1690c45b41ad23795fc902455,
        type: 3}
      propertyPath: m_textInfo.wordCount
      value: 0
      objectReference: {fileID: 0}
    - target: {fileID: 8651978367848314070, guid: 7037c7b1690c45b41ad23795fc902455,
        type: 3}
      propertyPath: m_textInfo.lineCount
      value: 0
      objectReference: {fileID: 0}
    - target: {fileID: 8651978367848314070, guid: 7037c7b1690c45b41ad23795fc902455,
        type: 3}
      propertyPath: m_textInfo.pageCount
      value: 0
      objectReference: {fileID: 0}
    - target: {fileID: 8651978367848314070, guid: 7037c7b1690c45b41ad23795fc902455,
        type: 3}
      propertyPath: m_textInfo.materialCount
      value: 1
      objectReference: {fileID: 0}
    - target: {fileID: 8413866388014547664, guid: 7037c7b1690c45b41ad23795fc902455,
        type: 3}
      propertyPath: m_textInfo.characterCount
      value: 0
      objectReference: {fileID: 0}
    - target: {fileID: 8413866388014547664, guid: 7037c7b1690c45b41ad23795fc902455,
        type: 3}
      propertyPath: m_textInfo.spaceCount
      value: 0
      objectReference: {fileID: 0}
    - target: {fileID: 8413866388014547664, guid: 7037c7b1690c45b41ad23795fc902455,
        type: 3}
      propertyPath: m_textInfo.wordCount
      value: 0
      objectReference: {fileID: 0}
    - target: {fileID: 8413866388014547664, guid: 7037c7b1690c45b41ad23795fc902455,
        type: 3}
      propertyPath: m_textInfo.lineCount
      value: 0
      objectReference: {fileID: 0}
    - target: {fileID: 8413866388014547664, guid: 7037c7b1690c45b41ad23795fc902455,
        type: 3}
      propertyPath: m_textInfo.pageCount
      value: 0
      objectReference: {fileID: 0}
    - target: {fileID: 8413866388014547664, guid: 7037c7b1690c45b41ad23795fc902455,
        type: 3}
      propertyPath: m_textInfo.materialCount
      value: 1
      objectReference: {fileID: 0}
    - target: {fileID: 4957067549546813594, guid: 7037c7b1690c45b41ad23795fc902455,
        type: 3}
      propertyPath: m_IsActive
      value: 0
      objectReference: {fileID: 0}
    - target: {fileID: 1242292575336378562, guid: 7037c7b1690c45b41ad23795fc902455,
        type: 3}
      propertyPath: m_OnClick.m_PersistentCalls.m_Calls.Array.size
      value: 1
      objectReference: {fileID: 0}
    - target: {fileID: 1242292575336378562, guid: 7037c7b1690c45b41ad23795fc902455,
        type: 3}
      propertyPath: m_OnClick.m_PersistentCalls.m_Calls.Array.data[0].m_Mode
      value: 6
      objectReference: {fileID: 0}
    - target: {fileID: 1242292575336378562, guid: 7037c7b1690c45b41ad23795fc902455,
        type: 3}
      propertyPath: m_OnClick.m_PersistentCalls.m_Calls.Array.data[0].m_CallState
      value: 2
      objectReference: {fileID: 0}
    - target: {fileID: 1242292575336378562, guid: 7037c7b1690c45b41ad23795fc902455,
        type: 3}
      propertyPath: m_OnClick.m_PersistentCalls.m_Calls.Array.data[0].m_Target
      value: 
      objectReference: {fileID: 0}
    - target: {fileID: 1242292575336378562, guid: 7037c7b1690c45b41ad23795fc902455,
        type: 3}
      propertyPath: m_OnClick.m_PersistentCalls.m_Calls.Array.data[0].m_MethodName
      value: SetActive
      objectReference: {fileID: 0}
    - target: {fileID: 1242292575336378562, guid: 7037c7b1690c45b41ad23795fc902455,
        type: 3}
      propertyPath: m_OnClick.m_PersistentCalls.m_Calls.Array.data[0].m_Arguments.m_ObjectArgumentAssemblyTypeName
      value: UnityEngine.Object, UnityEngine
      objectReference: {fileID: 0}
    - target: {fileID: 1242292575336378562, guid: 7037c7b1690c45b41ad23795fc902455,
        type: 3}
      propertyPath: m_OnClick.m_PersistentCalls.m_Calls.Array.data[0].m_Arguments.m_BoolArgument
      value: 1
      objectReference: {fileID: 0}
    - target: {fileID: 4327714451560375970, guid: 7037c7b1690c45b41ad23795fc902455,
        type: 3}
      propertyPath: m_Material
      value: 
      objectReference: {fileID: 0}
    - target: {fileID: 4327714451560375970, guid: 7037c7b1690c45b41ad23795fc902455,
        type: 3}
      propertyPath: m_sharedMaterial
      value: 
      objectReference: {fileID: 0}
    - target: {fileID: 4327714451560375970, guid: 7037c7b1690c45b41ad23795fc902455,
        type: 3}
      propertyPath: m_Enabled
      value: 0
      objectReference: {fileID: 0}
    - target: {fileID: 107586855903374922, guid: 7037c7b1690c45b41ad23795fc902455,
        type: 3}
      propertyPath: m_Material
      value: 
      objectReference: {fileID: 0}
    - target: {fileID: 107586855903374922, guid: 7037c7b1690c45b41ad23795fc902455,
        type: 3}
      propertyPath: m_sharedMaterial
      value: 
      objectReference: {fileID: 0}
    - target: {fileID: 107586855903374922, guid: 7037c7b1690c45b41ad23795fc902455,
        type: 3}
      propertyPath: m_Enabled
      value: 0
      objectReference: {fileID: 0}
    - target: {fileID: 7303087618448644045, guid: 7037c7b1690c45b41ad23795fc902455,
        type: 3}
      propertyPath: m_Material
      value: 
      objectReference: {fileID: 0}
    - target: {fileID: 7303087618448644045, guid: 7037c7b1690c45b41ad23795fc902455,
        type: 3}
      propertyPath: m_sharedMaterial
      value: 
      objectReference: {fileID: 0}
    - target: {fileID: 7303087618448644045, guid: 7037c7b1690c45b41ad23795fc902455,
        type: 3}
      propertyPath: m_Enabled
      value: 0
      objectReference: {fileID: 0}
    - target: {fileID: 4645583575456940977, guid: 7037c7b1690c45b41ad23795fc902455,
        type: 3}
      propertyPath: m_Material
      value: 
      objectReference: {fileID: 0}
    - target: {fileID: 4645583575456940977, guid: 7037c7b1690c45b41ad23795fc902455,
        type: 3}
      propertyPath: m_sharedMaterial
      value: 
      objectReference: {fileID: 0}
    - target: {fileID: 4645583575456940977, guid: 7037c7b1690c45b41ad23795fc902455,
        type: 3}
      propertyPath: m_Enabled
      value: 0
      objectReference: {fileID: 0}
    - target: {fileID: 6418392664079023985, guid: 7037c7b1690c45b41ad23795fc902455,
        type: 3}
      propertyPath: m_Material
      value: 
      objectReference: {fileID: 0}
    - target: {fileID: 6418392664079023985, guid: 7037c7b1690c45b41ad23795fc902455,
        type: 3}
      propertyPath: m_sharedMaterial
      value: 
      objectReference: {fileID: 0}
    - target: {fileID: 6418392664079023985, guid: 7037c7b1690c45b41ad23795fc902455,
        type: 3}
      propertyPath: m_Enabled
      value: 0
      objectReference: {fileID: 0}
    - target: {fileID: 500540405892004915, guid: 7037c7b1690c45b41ad23795fc902455,
        type: 3}
      propertyPath: m_Material
      value: 
      objectReference: {fileID: 0}
    - target: {fileID: 500540405892004915, guid: 7037c7b1690c45b41ad23795fc902455,
        type: 3}
      propertyPath: m_sharedMaterial
      value: 
      objectReference: {fileID: 0}
    - target: {fileID: 500540405892004915, guid: 7037c7b1690c45b41ad23795fc902455,
        type: 3}
      propertyPath: m_Enabled
      value: 0
      objectReference: {fileID: 0}
    - target: {fileID: 730788488352270901, guid: 7037c7b1690c45b41ad23795fc902455,
        type: 3}
      propertyPath: m_Material
      value: 
      objectReference: {fileID: 0}
    - target: {fileID: 730788488352270901, guid: 7037c7b1690c45b41ad23795fc902455,
        type: 3}
      propertyPath: m_sharedMaterial
      value: 
      objectReference: {fileID: 0}
    - target: {fileID: 730788488352270901, guid: 7037c7b1690c45b41ad23795fc902455,
        type: 3}
      propertyPath: m_Enabled
      value: 0
      objectReference: {fileID: 0}
    - target: {fileID: 2166151982660402186, guid: 7037c7b1690c45b41ad23795fc902455,
        type: 3}
      propertyPath: m_IsActive
      value: 0
      objectReference: {fileID: 0}
    - target: {fileID: 7525182621914212121, guid: 7037c7b1690c45b41ad23795fc902455,
        type: 3}
      propertyPath: m_textInfo.characterCount
      value: 0
      objectReference: {fileID: 0}
    - target: {fileID: 7525182621914212121, guid: 7037c7b1690c45b41ad23795fc902455,
        type: 3}
      propertyPath: m_textInfo.spaceCount
      value: 0
      objectReference: {fileID: 0}
    - target: {fileID: 7525182621914212121, guid: 7037c7b1690c45b41ad23795fc902455,
        type: 3}
      propertyPath: m_textInfo.wordCount
      value: 0
      objectReference: {fileID: 0}
    - target: {fileID: 7525182621914212121, guid: 7037c7b1690c45b41ad23795fc902455,
        type: 3}
      propertyPath: m_textInfo.lineCount
      value: 0
      objectReference: {fileID: 0}
    - target: {fileID: 7525182621914212121, guid: 7037c7b1690c45b41ad23795fc902455,
        type: 3}
      propertyPath: m_textInfo.pageCount
      value: 0
      objectReference: {fileID: 0}
    - target: {fileID: 7525182621914212121, guid: 7037c7b1690c45b41ad23795fc902455,
        type: 3}
      propertyPath: m_textInfo.materialCount
      value: 1
      objectReference: {fileID: 0}
    - target: {fileID: 7525182621157579761, guid: 7037c7b1690c45b41ad23795fc902455,
        type: 3}
      propertyPath: m_textInfo.characterCount
      value: 0
      objectReference: {fileID: 0}
    - target: {fileID: 7525182621157579761, guid: 7037c7b1690c45b41ad23795fc902455,
        type: 3}
      propertyPath: m_textInfo.spaceCount
      value: 0
      objectReference: {fileID: 0}
    - target: {fileID: 7525182621157579761, guid: 7037c7b1690c45b41ad23795fc902455,
        type: 3}
      propertyPath: m_textInfo.wordCount
      value: 0
      objectReference: {fileID: 0}
    - target: {fileID: 7525182621157579761, guid: 7037c7b1690c45b41ad23795fc902455,
        type: 3}
      propertyPath: m_textInfo.lineCount
      value: 0
      objectReference: {fileID: 0}
    - target: {fileID: 7525182621157579761, guid: 7037c7b1690c45b41ad23795fc902455,
        type: 3}
      propertyPath: m_textInfo.pageCount
      value: 0
      objectReference: {fileID: 0}
    - target: {fileID: 7525182621157579761, guid: 7037c7b1690c45b41ad23795fc902455,
        type: 3}
      propertyPath: m_textInfo.materialCount
      value: 1
      objectReference: {fileID: 0}
    - target: {fileID: 2166151983005413754, guid: 7037c7b1690c45b41ad23795fc902455,
        type: 3}
      propertyPath: m_textInfo.characterCount
      value: 0
      objectReference: {fileID: 0}
    - target: {fileID: 2166151983005413754, guid: 7037c7b1690c45b41ad23795fc902455,
        type: 3}
      propertyPath: m_textInfo.wordCount
      value: 0
      objectReference: {fileID: 0}
    - target: {fileID: 2166151983005413754, guid: 7037c7b1690c45b41ad23795fc902455,
        type: 3}
      propertyPath: m_textInfo.lineCount
      value: 0
      objectReference: {fileID: 0}
    - target: {fileID: 2166151983005413754, guid: 7037c7b1690c45b41ad23795fc902455,
        type: 3}
      propertyPath: m_textInfo.pageCount
      value: 0
      objectReference: {fileID: 0}
    - target: {fileID: 2166151983005413754, guid: 7037c7b1690c45b41ad23795fc902455,
        type: 3}
      propertyPath: m_textInfo.materialCount
      value: 1
      objectReference: {fileID: 0}
    - target: {fileID: 7525182620626944233, guid: 7037c7b1690c45b41ad23795fc902455,
        type: 3}
      propertyPath: m_AnchorMax.x
      value: 1
      objectReference: {fileID: 0}
    - target: {fileID: 7525182620626944233, guid: 7037c7b1690c45b41ad23795fc902455,
        type: 3}
      propertyPath: m_AnchorMax.y
      value: 1
      objectReference: {fileID: 0}
    - target: {fileID: 7525182620626944233, guid: 7037c7b1690c45b41ad23795fc902455,
        type: 3}
      propertyPath: m_SizeDelta.x
      value: -20
      objectReference: {fileID: 0}
    - target: {fileID: 7525182619924924494, guid: 7037c7b1690c45b41ad23795fc902455,
        type: 3}
      propertyPath: m_Enabled
      value: 0
      objectReference: {fileID: 0}
    - target: {fileID: 7525182619924924494, guid: 7037c7b1690c45b41ad23795fc902455,
        type: 3}
      propertyPath: m_Material
      value: 
      objectReference: {fileID: 0}
    - target: {fileID: 7525182619924924494, guid: 7037c7b1690c45b41ad23795fc902455,
        type: 3}
      propertyPath: m_sharedMaterial
      value: 
      objectReference: {fileID: 0}
    - target: {fileID: 7525182621630829757, guid: 7037c7b1690c45b41ad23795fc902455,
        type: 3}
      propertyPath: m_AnchorMin.y
      value: 1
      objectReference: {fileID: 0}
    - target: {fileID: 7525182621630829757, guid: 7037c7b1690c45b41ad23795fc902455,
        type: 3}
      propertyPath: m_AnchorMax.y
      value: 1
      objectReference: {fileID: 0}
    - target: {fileID: 7525182621630829757, guid: 7037c7b1690c45b41ad23795fc902455,
        type: 3}
      propertyPath: m_AnchoredPosition.x
      value: 450
      objectReference: {fileID: 0}
    - target: {fileID: 7525182621630829757, guid: 7037c7b1690c45b41ad23795fc902455,
        type: 3}
      propertyPath: m_AnchoredPosition.y
      value: -120
      objectReference: {fileID: 0}
    - target: {fileID: 7525182621914212122, guid: 7037c7b1690c45b41ad23795fc902455,
        type: 3}
      propertyPath: m_AnchorMin.y
      value: 1
      objectReference: {fileID: 0}
    - target: {fileID: 7525182621914212122, guid: 7037c7b1690c45b41ad23795fc902455,
        type: 3}
      propertyPath: m_AnchorMax.y
      value: 1
      objectReference: {fileID: 0}
    - target: {fileID: 7525182621914212122, guid: 7037c7b1690c45b41ad23795fc902455,
        type: 3}
      propertyPath: m_AnchoredPosition.x
      value: 50
      objectReference: {fileID: 0}
    - target: {fileID: 7525182621914212122, guid: 7037c7b1690c45b41ad23795fc902455,
        type: 3}
      propertyPath: m_AnchoredPosition.y
      value: -300
      objectReference: {fileID: 0}
    - target: {fileID: 7525182620431410753, guid: 7037c7b1690c45b41ad23795fc902455,
        type: 3}
      propertyPath: m_AnchorMin.y
      value: 1
      objectReference: {fileID: 0}
    - target: {fileID: 7525182620431410753, guid: 7037c7b1690c45b41ad23795fc902455,
        type: 3}
      propertyPath: m_AnchorMax.y
      value: 1
      objectReference: {fileID: 0}
    - target: {fileID: 7525182620431410753, guid: 7037c7b1690c45b41ad23795fc902455,
        type: 3}
      propertyPath: m_AnchoredPosition.x
      value: 450
      objectReference: {fileID: 0}
    - target: {fileID: 7525182620431410753, guid: 7037c7b1690c45b41ad23795fc902455,
        type: 3}
      propertyPath: m_AnchoredPosition.y
      value: -480
      objectReference: {fileID: 0}
    - target: {fileID: 7525182621157579762, guid: 7037c7b1690c45b41ad23795fc902455,
        type: 3}
      propertyPath: m_AnchorMin.y
      value: 1
      objectReference: {fileID: 0}
    - target: {fileID: 7525182621157579762, guid: 7037c7b1690c45b41ad23795fc902455,
        type: 3}
      propertyPath: m_AnchorMax.y
      value: 1
      objectReference: {fileID: 0}
    - target: {fileID: 7525182621157579762, guid: 7037c7b1690c45b41ad23795fc902455,
        type: 3}
      propertyPath: m_AnchoredPosition.x
      value: 450
      objectReference: {fileID: 0}
    - target: {fileID: 7525182621157579762, guid: 7037c7b1690c45b41ad23795fc902455,
        type: 3}
      propertyPath: m_AnchoredPosition.y
      value: -700
      objectReference: {fileID: 0}
    - target: {fileID: 7525182620819429810, guid: 7037c7b1690c45b41ad23795fc902455,
        type: 3}
      propertyPath: m_Enabled
      value: 0
      objectReference: {fileID: 0}
    - target: {fileID: 7525182620819429810, guid: 7037c7b1690c45b41ad23795fc902455,
        type: 3}
      propertyPath: m_Material
      value: 
      objectReference: {fileID: 0}
    - target: {fileID: 7525182620819429810, guid: 7037c7b1690c45b41ad23795fc902455,
        type: 3}
      propertyPath: m_sharedMaterial
      value: 
      objectReference: {fileID: 0}
    - target: {fileID: 6160211850219784575, guid: 7037c7b1690c45b41ad23795fc902455,
        type: 3}
      propertyPath: m_Enabled
      value: 0
      objectReference: {fileID: 0}
    - target: {fileID: 6160211850219784575, guid: 7037c7b1690c45b41ad23795fc902455,
        type: 3}
      propertyPath: m_Material
      value: 
      objectReference: {fileID: 0}
    - target: {fileID: 6160211850219784575, guid: 7037c7b1690c45b41ad23795fc902455,
        type: 3}
      propertyPath: m_sharedMaterial
      value: 
      objectReference: {fileID: 0}
    - target: {fileID: 8321747825678428265, guid: 7037c7b1690c45b41ad23795fc902455,
        type: 3}
      propertyPath: m_AnchorMin.y
      value: 1
      objectReference: {fileID: 0}
    - target: {fileID: 8321747825678428265, guid: 7037c7b1690c45b41ad23795fc902455,
        type: 3}
      propertyPath: m_AnchorMax.y
      value: 1
      objectReference: {fileID: 0}
    - target: {fileID: 8321747825678428265, guid: 7037c7b1690c45b41ad23795fc902455,
        type: 3}
      propertyPath: m_AnchoredPosition.x
      value: 200
      objectReference: {fileID: 0}
    - target: {fileID: 8321747825678428265, guid: 7037c7b1690c45b41ad23795fc902455,
        type: 3}
      propertyPath: m_AnchoredPosition.y
      value: -50
      objectReference: {fileID: 0}
    - target: {fileID: 8321747825678428265, guid: 7037c7b1690c45b41ad23795fc902455,
        type: 3}
      propertyPath: m_SizeDelta.x
      value: 400
      objectReference: {fileID: 0}
    - target: {fileID: 8321747825678428265, guid: 7037c7b1690c45b41ad23795fc902455,
        type: 3}
      propertyPath: m_SizeDelta.y
      value: 100
      objectReference: {fileID: 0}
    - target: {fileID: 8321747826931211341, guid: 7037c7b1690c45b41ad23795fc902455,
        type: 3}
      propertyPath: m_AnchorMin.y
      value: 1
      objectReference: {fileID: 0}
    - target: {fileID: 8321747826931211341, guid: 7037c7b1690c45b41ad23795fc902455,
        type: 3}
      propertyPath: m_AnchorMax.y
      value: 1
      objectReference: {fileID: 0}
    - target: {fileID: 8321747826931211341, guid: 7037c7b1690c45b41ad23795fc902455,
        type: 3}
      propertyPath: m_AnchoredPosition.x
      value: 600
      objectReference: {fileID: 0}
    - target: {fileID: 8321747826931211341, guid: 7037c7b1690c45b41ad23795fc902455,
        type: 3}
      propertyPath: m_AnchoredPosition.y
      value: -50
      objectReference: {fileID: 0}
    - target: {fileID: 8321747826931211341, guid: 7037c7b1690c45b41ad23795fc902455,
        type: 3}
      propertyPath: m_SizeDelta.x
      value: 400
      objectReference: {fileID: 0}
    - target: {fileID: 8321747826931211341, guid: 7037c7b1690c45b41ad23795fc902455,
        type: 3}
      propertyPath: m_SizeDelta.y
      value: 100
      objectReference: {fileID: 0}
    - target: {fileID: 8321747826829704534, guid: 7037c7b1690c45b41ad23795fc902455,
        type: 3}
      propertyPath: m_AnchorMin.y
      value: 1
      objectReference: {fileID: 0}
    - target: {fileID: 8321747826829704534, guid: 7037c7b1690c45b41ad23795fc902455,
        type: 3}
      propertyPath: m_AnchorMax.y
      value: 1
      objectReference: {fileID: 0}
    - target: {fileID: 8321747826829704534, guid: 7037c7b1690c45b41ad23795fc902455,
        type: 3}
      propertyPath: m_AnchoredPosition.x
      value: 200
      objectReference: {fileID: 0}
    - target: {fileID: 8321747826829704534, guid: 7037c7b1690c45b41ad23795fc902455,
        type: 3}
      propertyPath: m_AnchoredPosition.y
      value: -150
      objectReference: {fileID: 0}
    - target: {fileID: 8321747826829704534, guid: 7037c7b1690c45b41ad23795fc902455,
        type: 3}
      propertyPath: m_SizeDelta.x
      value: 400
      objectReference: {fileID: 0}
    - target: {fileID: 8321747826829704534, guid: 7037c7b1690c45b41ad23795fc902455,
        type: 3}
      propertyPath: m_SizeDelta.y
      value: 100
      objectReference: {fileID: 0}
    - target: {fileID: 8321747826861760115, guid: 7037c7b1690c45b41ad23795fc902455,
        type: 3}
      propertyPath: m_AnchorMin.y
      value: 1
      objectReference: {fileID: 0}
    - target: {fileID: 8321747826861760115, guid: 7037c7b1690c45b41ad23795fc902455,
        type: 3}
      propertyPath: m_AnchorMax.y
      value: 1
      objectReference: {fileID: 0}
    - target: {fileID: 8321747826861760115, guid: 7037c7b1690c45b41ad23795fc902455,
        type: 3}
      propertyPath: m_AnchoredPosition.x
      value: 600
      objectReference: {fileID: 0}
    - target: {fileID: 8321747826861760115, guid: 7037c7b1690c45b41ad23795fc902455,
        type: 3}
      propertyPath: m_AnchoredPosition.y
      value: -150
      objectReference: {fileID: 0}
    - target: {fileID: 8321747826861760115, guid: 7037c7b1690c45b41ad23795fc902455,
        type: 3}
      propertyPath: m_SizeDelta.x
      value: 400
      objectReference: {fileID: 0}
    - target: {fileID: 8321747826861760115, guid: 7037c7b1690c45b41ad23795fc902455,
        type: 3}
      propertyPath: m_SizeDelta.y
      value: 100
      objectReference: {fileID: 0}
    - target: {fileID: 7525182621566328618, guid: 7037c7b1690c45b41ad23795fc902455,
        type: 3}
      propertyPath: m_AnchorMax.x
      value: 1
      objectReference: {fileID: 0}
    - target: {fileID: 7525182621566328618, guid: 7037c7b1690c45b41ad23795fc902455,
        type: 3}
      propertyPath: m_AnchorMax.y
      value: 1
      objectReference: {fileID: 0}
    - target: {fileID: 6259145245689491629, guid: 7037c7b1690c45b41ad23795fc902455,
        type: 3}
      propertyPath: m_textInfo.characterCount
      value: 0
      objectReference: {fileID: 0}
    - target: {fileID: 6259145245689491629, guid: 7037c7b1690c45b41ad23795fc902455,
        type: 3}
      propertyPath: m_textInfo.spaceCount
      value: 0
      objectReference: {fileID: 0}
    - target: {fileID: 6259145245689491629, guid: 7037c7b1690c45b41ad23795fc902455,
        type: 3}
      propertyPath: m_textInfo.wordCount
      value: 0
      objectReference: {fileID: 0}
    - target: {fileID: 6259145245689491629, guid: 7037c7b1690c45b41ad23795fc902455,
        type: 3}
      propertyPath: m_textInfo.lineCount
      value: 0
      objectReference: {fileID: 0}
    - target: {fileID: 6259145245689491629, guid: 7037c7b1690c45b41ad23795fc902455,
        type: 3}
      propertyPath: m_textInfo.pageCount
      value: 0
      objectReference: {fileID: 0}
    - target: {fileID: 6259145245689491629, guid: 7037c7b1690c45b41ad23795fc902455,
        type: 3}
      propertyPath: m_textInfo.materialCount
      value: 1
      objectReference: {fileID: 0}
    - target: {fileID: 6259145245589017014, guid: 7037c7b1690c45b41ad23795fc902455,
        type: 3}
      propertyPath: m_textInfo.characterCount
      value: 0
      objectReference: {fileID: 0}
    - target: {fileID: 6259145245589017014, guid: 7037c7b1690c45b41ad23795fc902455,
        type: 3}
      propertyPath: m_textInfo.spaceCount
      value: 0
      objectReference: {fileID: 0}
    - target: {fileID: 6259145245589017014, guid: 7037c7b1690c45b41ad23795fc902455,
        type: 3}
      propertyPath: m_textInfo.wordCount
      value: 0
      objectReference: {fileID: 0}
    - target: {fileID: 6259145245589017014, guid: 7037c7b1690c45b41ad23795fc902455,
        type: 3}
      propertyPath: m_textInfo.lineCount
      value: 0
      objectReference: {fileID: 0}
    - target: {fileID: 6259145245589017014, guid: 7037c7b1690c45b41ad23795fc902455,
        type: 3}
      propertyPath: m_textInfo.pageCount
      value: 0
      objectReference: {fileID: 0}
    - target: {fileID: 6259145245589017014, guid: 7037c7b1690c45b41ad23795fc902455,
        type: 3}
      propertyPath: m_textInfo.materialCount
      value: 1
      objectReference: {fileID: 0}
    - target: {fileID: 6259145245607457427, guid: 7037c7b1690c45b41ad23795fc902455,
        type: 3}
      propertyPath: m_textInfo.characterCount
      value: 0
      objectReference: {fileID: 0}
    - target: {fileID: 6259145245607457427, guid: 7037c7b1690c45b41ad23795fc902455,
        type: 3}
      propertyPath: m_textInfo.spaceCount
      value: 0
      objectReference: {fileID: 0}
    - target: {fileID: 6259145245607457427, guid: 7037c7b1690c45b41ad23795fc902455,
        type: 3}
      propertyPath: m_textInfo.wordCount
      value: 0
      objectReference: {fileID: 0}
    - target: {fileID: 6259145245607457427, guid: 7037c7b1690c45b41ad23795fc902455,
        type: 3}
      propertyPath: m_textInfo.lineCount
      value: 0
      objectReference: {fileID: 0}
    - target: {fileID: 6259145245607457427, guid: 7037c7b1690c45b41ad23795fc902455,
        type: 3}
      propertyPath: m_textInfo.pageCount
      value: 0
      objectReference: {fileID: 0}
    - target: {fileID: 6259145245607457427, guid: 7037c7b1690c45b41ad23795fc902455,
        type: 3}
      propertyPath: m_textInfo.materialCount
      value: 1
      objectReference: {fileID: 0}
    - target: {fileID: 6259145244693595273, guid: 7037c7b1690c45b41ad23795fc902455,
        type: 3}
      propertyPath: m_textInfo.characterCount
      value: 0
      objectReference: {fileID: 0}
    - target: {fileID: 6259145244693595273, guid: 7037c7b1690c45b41ad23795fc902455,
        type: 3}
      propertyPath: m_textInfo.spaceCount
      value: 0
      objectReference: {fileID: 0}
    - target: {fileID: 6259145244693595273, guid: 7037c7b1690c45b41ad23795fc902455,
        type: 3}
      propertyPath: m_textInfo.wordCount
      value: 0
      objectReference: {fileID: 0}
    - target: {fileID: 6259145244693595273, guid: 7037c7b1690c45b41ad23795fc902455,
        type: 3}
      propertyPath: m_textInfo.lineCount
      value: 0
      objectReference: {fileID: 0}
    - target: {fileID: 6259145244693595273, guid: 7037c7b1690c45b41ad23795fc902455,
        type: 3}
      propertyPath: m_textInfo.pageCount
      value: 0
      objectReference: {fileID: 0}
    - target: {fileID: 6259145244693595273, guid: 7037c7b1690c45b41ad23795fc902455,
        type: 3}
      propertyPath: m_textInfo.materialCount
      value: 1
      objectReference: {fileID: 0}
    - target: {fileID: 2660144475045722730, guid: 7037c7b1690c45b41ad23795fc902455,
        type: 3}
      propertyPath: m_Enabled
      value: 0
      objectReference: {fileID: 0}
    - target: {fileID: 2660144475045722730, guid: 7037c7b1690c45b41ad23795fc902455,
        type: 3}
      propertyPath: m_Material
      value: 
      objectReference: {fileID: 0}
    - target: {fileID: 2660144475045722730, guid: 7037c7b1690c45b41ad23795fc902455,
        type: 3}
      propertyPath: m_sharedMaterial
      value: 
      objectReference: {fileID: 0}
    - target: {fileID: 2660144474087255893, guid: 7037c7b1690c45b41ad23795fc902455,
        type: 3}
      propertyPath: m_Enabled
      value: 0
      objectReference: {fileID: 0}
    - target: {fileID: 2660144474087255893, guid: 7037c7b1690c45b41ad23795fc902455,
        type: 3}
      propertyPath: m_Material
      value: 
      objectReference: {fileID: 0}
    - target: {fileID: 2660144474087255893, guid: 7037c7b1690c45b41ad23795fc902455,
        type: 3}
      propertyPath: m_sharedMaterial
      value: 
      objectReference: {fileID: 0}
    - target: {fileID: 2660144474131860592, guid: 7037c7b1690c45b41ad23795fc902455,
        type: 3}
      propertyPath: m_Enabled
      value: 0
      objectReference: {fileID: 0}
    - target: {fileID: 2660144474131860592, guid: 7037c7b1690c45b41ad23795fc902455,
        type: 3}
      propertyPath: m_Material
      value: 
      objectReference: {fileID: 0}
    - target: {fileID: 2660144474131860592, guid: 7037c7b1690c45b41ad23795fc902455,
        type: 3}
      propertyPath: m_sharedMaterial
      value: 
      objectReference: {fileID: 0}
    - target: {fileID: 2660144474054544974, guid: 7037c7b1690c45b41ad23795fc902455,
        type: 3}
      propertyPath: m_Enabled
      value: 0
      objectReference: {fileID: 0}
    - target: {fileID: 2660144474054544974, guid: 7037c7b1690c45b41ad23795fc902455,
        type: 3}
      propertyPath: m_Material
      value: 
      objectReference: {fileID: 0}
    - target: {fileID: 2660144474054544974, guid: 7037c7b1690c45b41ad23795fc902455,
        type: 3}
      propertyPath: m_sharedMaterial
      value: 
      objectReference: {fileID: 0}
    m_RemovedComponents: []
  m_SourcePrefab: {fileID: 100100000, guid: 7037c7b1690c45b41ad23795fc902455, type: 3}
--- !u!1 &426150392
GameObject:
  m_ObjectHideFlags: 0
  m_CorrespondingSourceObject: {fileID: 0}
  m_PrefabInstance: {fileID: 0}
  m_PrefabAsset: {fileID: 0}
  serializedVersion: 6
  m_Component:
  - component: {fileID: 426150395}
  - component: {fileID: 426150394}
  - component: {fileID: 426150396}
  m_Layer: 0
  m_Name: UI Camera
  m_TagString: MainCamera
  m_Icon: {fileID: 0}
  m_NavMeshLayer: 0
  m_StaticEditorFlags: 0
  m_IsActive: 0
--- !u!20 &426150394
Camera:
  m_ObjectHideFlags: 0
  m_CorrespondingSourceObject: {fileID: 0}
  m_PrefabInstance: {fileID: 0}
  m_PrefabAsset: {fileID: 0}
  m_GameObject: {fileID: 426150392}
  m_Enabled: 1
  serializedVersion: 2
  m_ClearFlags: 3
  m_BackGroundColor: {r: 1, g: 1, b: 1, a: 0}
  m_projectionMatrixMode: 1
  m_GateFitMode: 2
  m_FOVAxisMode: 0
  m_SensorSize: {x: 36, y: 24}
  m_LensShift: {x: 0, y: 0}
  m_FocalLength: 50
  m_NormalizedViewPortRect:
    serializedVersion: 2
    x: 0
    y: 0
    width: 1
    height: 1
  near clip plane: 0.3
  far clip plane: 11
  field of view: 60
  orthographic: 1
  orthographic size: 5
  m_Depth: 1
  m_CullingMask:
    serializedVersion: 2
    m_Bits: 32
  m_RenderingPath: -1
  m_TargetTexture: {fileID: 0}
  m_TargetDisplay: 0
  m_TargetEye: 3
  m_HDR: 0
  m_AllowMSAA: 0
  m_AllowDynamicResolution: 0
  m_ForceIntoRT: 0
  m_OcclusionCulling: 0
  m_StereoConvergence: 10
  m_StereoSeparation: 0.022
--- !u!4 &426150395
Transform:
  m_ObjectHideFlags: 0
  m_CorrespondingSourceObject: {fileID: 0}
  m_PrefabInstance: {fileID: 0}
  m_PrefabAsset: {fileID: 0}
  m_GameObject: {fileID: 426150392}
  m_LocalRotation: {x: 0, y: 0, z: 0, w: 1}
  m_LocalPosition: {x: 0, y: 1, z: -10}
  m_LocalScale: {x: 1, y: 1, z: 1}
  m_Children: []
  m_Father: {fileID: 0}
  m_RootOrder: 0
  m_LocalEulerAnglesHint: {x: 0, y: 0, z: 0}
--- !u!114 &426150396
MonoBehaviour:
  m_ObjectHideFlags: 0
  m_CorrespondingSourceObject: {fileID: 0}
  m_PrefabInstance: {fileID: 0}
  m_PrefabAsset: {fileID: 0}
  m_GameObject: {fileID: 426150392}
  m_Enabled: 1
  m_EditorHideFlags: 0
  m_Script: {fileID: 11500000, guid: e7ea06a0848c44448ae8caf657432e2c, type: 3}
  m_Name: 
  m_EditorClassIdentifier: 
--- !u!1 &598675340
GameObject:
  m_ObjectHideFlags: 0
  m_CorrespondingSourceObject: {fileID: 0}
  m_PrefabInstance: {fileID: 0}
  m_PrefabAsset: {fileID: 0}
  serializedVersion: 6
  m_Component:
  - component: {fileID: 598675341}
  - component: {fileID: 598675344}
  - component: {fileID: 598675343}
  - component: {fileID: 598675342}
  m_Layer: 5
  m_Name: LevelPanel
  m_TagString: Untagged
  m_Icon: {fileID: 0}
  m_NavMeshLayer: 0
  m_StaticEditorFlags: 0
  m_IsActive: 1
--- !u!224 &598675341
RectTransform:
  m_ObjectHideFlags: 0
  m_CorrespondingSourceObject: {fileID: 0}
  m_PrefabInstance: {fileID: 0}
  m_PrefabAsset: {fileID: 0}
  m_GameObject: {fileID: 598675340}
  m_LocalRotation: {x: 0, y: 0, z: 0, w: 1}
  m_LocalPosition: {x: 0, y: 0, z: 0}
  m_LocalScale: {x: 1, y: 1, z: 1}
  m_Children:
  - {fileID: 1035019625}
  m_Father: {fileID: 2142490484}
  m_RootOrder: 0
  m_LocalEulerAnglesHint: {x: 0, y: 0, z: 0}
  m_AnchorMin: {x: 0, y: 0}
  m_AnchorMax: {x: 1, y: 1}
  m_AnchoredPosition: {x: 0, y: 0}
  m_SizeDelta: {x: 0, y: 0}
  m_Pivot: {x: 0.5, y: 0.5}
--- !u!114 &598675342
MonoBehaviour:
  m_ObjectHideFlags: 0
  m_CorrespondingSourceObject: {fileID: 0}
  m_PrefabInstance: {fileID: 0}
  m_PrefabAsset: {fileID: 0}
  m_GameObject: {fileID: 598675340}
  m_Enabled: 1
  m_EditorHideFlags: 0
  m_Script: {fileID: 11500000, guid: 0a1ab1dd8bb4c124990e71f39b5abf15, type: 3}
  m_Name: 
  m_EditorClassIdentifier: 
  _startLevelButton: {fileID: 1035019626}
--- !u!114 &598675343
MonoBehaviour:
  m_ObjectHideFlags: 0
  m_CorrespondingSourceObject: {fileID: 0}
  m_PrefabInstance: {fileID: 0}
  m_PrefabAsset: {fileID: 0}
  m_GameObject: {fileID: 598675340}
  m_Enabled: 1
  m_EditorHideFlags: 0
  m_Script: {fileID: 11500000, guid: fe87c0e1cc204ed48ad3b37840f39efc, type: 3}
  m_Name: 
  m_EditorClassIdentifier: 
  m_Material: {fileID: 0}
  m_Color: {r: 1, g: 1, b: 1, a: 0.392}
  m_RaycastTarget: 1
  m_OnCullStateChanged:
    m_PersistentCalls:
      m_Calls: []
    m_TypeName: UnityEngine.UI.MaskableGraphic+CullStateChangedEvent, UnityEngine.UI,
      Version=1.0.0.0, Culture=neutral, PublicKeyToken=null
  m_Sprite: {fileID: 10907, guid: 0000000000000000f000000000000000, type: 0}
  m_Type: 1
  m_PreserveAspect: 0
  m_FillCenter: 1
  m_FillMethod: 4
  m_FillAmount: 1
  m_FillClockwise: 1
  m_FillOrigin: 0
  m_UseSpriteMesh: 0
  m_PixelsPerUnitMultiplier: 1
--- !u!222 &598675344
CanvasRenderer:
  m_ObjectHideFlags: 0
  m_CorrespondingSourceObject: {fileID: 0}
  m_PrefabInstance: {fileID: 0}
  m_PrefabAsset: {fileID: 0}
  m_GameObject: {fileID: 598675340}
  m_CullTransparentMesh: 0
--- !u!1 &1035019624
GameObject:
  m_ObjectHideFlags: 0
  m_CorrespondingSourceObject: {fileID: 0}
  m_PrefabInstance: {fileID: 0}
  m_PrefabAsset: {fileID: 0}
  serializedVersion: 6
  m_Component:
  - component: {fileID: 1035019625}
  - component: {fileID: 1035019628}
  - component: {fileID: 1035019627}
  - component: {fileID: 1035019626}
  m_Layer: 5
  m_Name: Button
  m_TagString: Untagged
  m_Icon: {fileID: 0}
  m_NavMeshLayer: 0
  m_StaticEditorFlags: 0
  m_IsActive: 1
--- !u!224 &1035019625
RectTransform:
  m_ObjectHideFlags: 0
  m_CorrespondingSourceObject: {fileID: 0}
  m_PrefabInstance: {fileID: 0}
  m_PrefabAsset: {fileID: 0}
  m_GameObject: {fileID: 1035019624}
  m_LocalRotation: {x: -0, y: -0, z: -0, w: 1}
  m_LocalPosition: {x: 0, y: 0, z: 0}
  m_LocalScale: {x: 1, y: 1, z: 1}
  m_Children:
  - {fileID: 2136375378}
  m_Father: {fileID: 598675341}
  m_RootOrder: 0
  m_LocalEulerAnglesHint: {x: 0, y: 0, z: 0}
  m_AnchorMin: {x: 0.5, y: 0.5}
  m_AnchorMax: {x: 0.5, y: 0.5}
  m_AnchoredPosition: {x: 0, y: 0}
  m_SizeDelta: {x: 160, y: 30}
  m_Pivot: {x: 0.5, y: 0.5}
--- !u!114 &1035019626
MonoBehaviour:
  m_ObjectHideFlags: 0
  m_CorrespondingSourceObject: {fileID: 0}
  m_PrefabInstance: {fileID: 0}
  m_PrefabAsset: {fileID: 0}
  m_GameObject: {fileID: 1035019624}
  m_Enabled: 1
  m_EditorHideFlags: 0
  m_Script: {fileID: 11500000, guid: 4e29b1a8efbd4b44bb3f3716e73f07ff, type: 3}
  m_Name: 
  m_EditorClassIdentifier: 
  m_Navigation:
    m_Mode: 3
    m_SelectOnUp: {fileID: 0}
    m_SelectOnDown: {fileID: 0}
    m_SelectOnLeft: {fileID: 0}
    m_SelectOnRight: {fileID: 0}
  m_Transition: 1
  m_Colors:
    m_NormalColor: {r: 1, g: 1, b: 1, a: 1}
    m_HighlightedColor: {r: 0.9607843, g: 0.9607843, b: 0.9607843, a: 1}
    m_PressedColor: {r: 0.78431374, g: 0.78431374, b: 0.78431374, a: 1}
    m_SelectedColor: {r: 0.9607843, g: 0.9607843, b: 0.9607843, a: 1}
    m_DisabledColor: {r: 0.78431374, g: 0.78431374, b: 0.78431374, a: 0.5019608}
    m_ColorMultiplier: 1
    m_FadeDuration: 0.1
  m_SpriteState:
    m_HighlightedSprite: {fileID: 0}
    m_PressedSprite: {fileID: 0}
    m_SelectedSprite: {fileID: 0}
    m_DisabledSprite: {fileID: 0}
  m_AnimationTriggers:
    m_NormalTrigger: Normal
    m_HighlightedTrigger: Highlighted
    m_PressedTrigger: Pressed
    m_SelectedTrigger: Selected
    m_DisabledTrigger: Disabled
  m_Interactable: 1
  m_TargetGraphic: {fileID: 1035019627}
  m_OnClick:
    m_PersistentCalls:
      m_Calls: []
    m_TypeName: UnityEngine.UI.Button+ButtonClickedEvent, UnityEngine.UI, Version=1.0.0.0,
      Culture=neutral, PublicKeyToken=null
--- !u!114 &1035019627
MonoBehaviour:
  m_ObjectHideFlags: 0
  m_CorrespondingSourceObject: {fileID: 0}
  m_PrefabInstance: {fileID: 0}
  m_PrefabAsset: {fileID: 0}
  m_GameObject: {fileID: 1035019624}
  m_Enabled: 1
  m_EditorHideFlags: 0
  m_Script: {fileID: 11500000, guid: fe87c0e1cc204ed48ad3b37840f39efc, type: 3}
  m_Name: 
  m_EditorClassIdentifier: 
  m_Material: {fileID: 0}
  m_Color: {r: 1, g: 1, b: 1, a: 1}
  m_RaycastTarget: 1
  m_OnCullStateChanged:
    m_PersistentCalls:
      m_Calls: []
    m_TypeName: UnityEngine.UI.MaskableGraphic+CullStateChangedEvent, UnityEngine.UI,
      Version=1.0.0.0, Culture=neutral, PublicKeyToken=null
  m_Sprite: {fileID: 10905, guid: 0000000000000000f000000000000000, type: 0}
  m_Type: 1
  m_PreserveAspect: 0
  m_FillCenter: 1
  m_FillMethod: 4
  m_FillAmount: 1
  m_FillClockwise: 1
  m_FillOrigin: 0
  m_UseSpriteMesh: 0
  m_PixelsPerUnitMultiplier: 1
--- !u!222 &1035019628
CanvasRenderer:
  m_ObjectHideFlags: 0
  m_CorrespondingSourceObject: {fileID: 0}
  m_PrefabInstance: {fileID: 0}
  m_PrefabAsset: {fileID: 0}
  m_GameObject: {fileID: 1035019624}
  m_CullTransparentMesh: 0
--- !u!1 &2078746006
GameObject:
  m_ObjectHideFlags: 0
  m_CorrespondingSourceObject: {fileID: 0}
  m_PrefabInstance: {fileID: 0}
  m_PrefabAsset: {fileID: 0}
  serializedVersion: 6
  m_Component:
  - component: {fileID: 2078746008}
  - component: {fileID: 2078746007}
  m_Layer: 0
  m_Name: SceneContext
  m_TagString: Untagged
  m_Icon: {fileID: 0}
  m_NavMeshLayer: 0
  m_StaticEditorFlags: 0
  m_IsActive: 1
--- !u!114 &2078746007
MonoBehaviour:
  m_ObjectHideFlags: 0
  m_CorrespondingSourceObject: {fileID: 0}
  m_PrefabInstance: {fileID: 0}
  m_PrefabAsset: {fileID: 0}
  m_GameObject: {fileID: 2078746006}
  m_Enabled: 1
  m_EditorHideFlags: 0
  m_Script: {fileID: 11500000, guid: 89715ad69b973a14899afa2c6730b30b, type: 3}
  m_Name: 
  m_EditorClassIdentifier: 
  _scriptableObjectInstallers: []
  _monoInstallers: []
  _installerPrefabs: []
  _autoRun: 1
  _parentNewObjectsUnderSceneContext: 0
  _contractNames: []
  _parentContractNames: []
--- !u!4 &2078746008
Transform:
  m_ObjectHideFlags: 0
  m_CorrespondingSourceObject: {fileID: 0}
  m_PrefabInstance: {fileID: 0}
  m_PrefabAsset: {fileID: 0}
  m_GameObject: {fileID: 2078746006}
  m_LocalRotation: {x: 0, y: 0, z: 0, w: 1}
  m_LocalPosition: {x: 0, y: 0, z: 0}
  m_LocalScale: {x: 1, y: 1, z: 1}
  m_Children: []
  m_Father: {fileID: 0}
  m_RootOrder: 2
  m_LocalEulerAnglesHint: {x: 0, y: 0, z: 0}
--- !u!1 &2136375377
GameObject:
  m_ObjectHideFlags: 0
  m_CorrespondingSourceObject: {fileID: 0}
  m_PrefabInstance: {fileID: 0}
  m_PrefabAsset: {fileID: 0}
  serializedVersion: 6
  m_Component:
  - component: {fileID: 2136375378}
  - component: {fileID: 2136375380}
  - component: {fileID: 2136375379}
  m_Layer: 5
  m_Name: Text (TMP)
  m_TagString: Untagged
  m_Icon: {fileID: 0}
  m_NavMeshLayer: 0
  m_StaticEditorFlags: 0
  m_IsActive: 1
--- !u!224 &2136375378
RectTransform:
  m_ObjectHideFlags: 0
  m_CorrespondingSourceObject: {fileID: 0}
  m_PrefabInstance: {fileID: 0}
  m_PrefabAsset: {fileID: 0}
  m_GameObject: {fileID: 2136375377}
  m_LocalRotation: {x: 0, y: 0, z: 0, w: 1}
  m_LocalPosition: {x: 0, y: 0, z: 0}
  m_LocalScale: {x: 1, y: 1, z: 1}
  m_Children: []
  m_Father: {fileID: 1035019625}
  m_RootOrder: 0
  m_LocalEulerAnglesHint: {x: 0, y: 0, z: 0}
  m_AnchorMin: {x: 0, y: 0}
  m_AnchorMax: {x: 1, y: 1}
  m_AnchoredPosition: {x: 0, y: 0}
  m_SizeDelta: {x: 0, y: 0}
  m_Pivot: {x: 0.5, y: 0.5}
--- !u!114 &2136375379
MonoBehaviour:
  m_ObjectHideFlags: 0
  m_CorrespondingSourceObject: {fileID: 0}
  m_PrefabInstance: {fileID: 0}
  m_PrefabAsset: {fileID: 0}
  m_GameObject: {fileID: 2136375377}
  m_Enabled: 1
  m_EditorHideFlags: 0
  m_Script: {fileID: 11500000, guid: f4688fdb7df04437aeb418b961361dc5, type: 3}
  m_Name: 
  m_EditorClassIdentifier: 
  m_Material: {fileID: 0}
  m_Color: {r: 1, g: 1, b: 1, a: 1}
  m_RaycastTarget: 1
  m_OnCullStateChanged:
    m_PersistentCalls:
      m_Calls: []
    m_TypeName: UnityEngine.UI.MaskableGraphic+CullStateChangedEvent, UnityEngine.UI,
      Version=1.0.0.0, Culture=neutral, PublicKeyToken=null
  m_text: Button
  m_isRightToLeft: 0
  m_fontAsset: {fileID: 11400000, guid: 8f586378b4e144a9851e7b34d9b748ee, type: 2}
  m_sharedMaterial: {fileID: 2180264, guid: 8f586378b4e144a9851e7b34d9b748ee, type: 2}
  m_fontSharedMaterials: []
  m_fontMaterial: {fileID: 0}
  m_fontMaterials: []
  m_fontColor32:
    serializedVersion: 2
    rgba: 4281479730
  m_fontColor: {r: 0.19607843, g: 0.19607843, b: 0.19607843, a: 1}
  m_enableVertexGradient: 0
  m_colorMode: 3
  m_fontColorGradient:
    topLeft: {r: 1, g: 1, b: 1, a: 1}
    topRight: {r: 1, g: 1, b: 1, a: 1}
    bottomLeft: {r: 1, g: 1, b: 1, a: 1}
    bottomRight: {r: 1, g: 1, b: 1, a: 1}
  m_fontColorGradientPreset: {fileID: 0}
  m_spriteAsset: {fileID: 0}
  m_tintAllSprites: 0
  m_overrideHtmlColors: 0
  m_faceColor:
    serializedVersion: 2
    rgba: 4294967295
  m_outlineColor:
    serializedVersion: 2
    rgba: 4278190080
  m_fontSize: 24
  m_fontSizeBase: 24
  m_fontWeight: 400
  m_enableAutoSizing: 0
  m_fontSizeMin: 18
  m_fontSizeMax: 72
  m_fontStyle: 0
  m_textAlignment: 514
  m_characterSpacing: 0
  m_wordSpacing: 0
  m_lineSpacing: 0
  m_lineSpacingMax: 0
  m_paragraphSpacing: 0
  m_charWidthMaxAdj: 0
  m_enableWordWrapping: 1
  m_wordWrappingRatios: 0.4
  m_overflowMode: 0
  m_firstOverflowCharacterIndex: -1
  m_linkedTextComponent: {fileID: 0}
  m_isLinkedTextComponent: 0
  m_isTextTruncated: 0
  m_enableKerning: 1
  m_enableExtraPadding: 0
  checkPaddingRequired: 0
  m_isRichText: 1
  m_parseCtrlCharacters: 1
  m_isOrthographic: 1
  m_isCullingEnabled: 0
  m_ignoreRectMaskCulling: 0
  m_ignoreCulling: 1
  m_horizontalMapping: 0
  m_verticalMapping: 0
  m_uvLineOffset: 0
  m_geometrySortingOrder: 0
  m_VertexBufferAutoSizeReduction: 1
  m_firstVisibleCharacter: 0
  m_useMaxVisibleDescender: 1
  m_pageToDisplay: 1
  m_margin: {x: 0, y: 0, z: 0, w: 0}
  m_textInfo:
    textComponent: {fileID: 2136375379}
    characterCount: 6
    spriteCount: 0
    spaceCount: 0
    wordCount: 1
    linkCount: 0
    lineCount: 1
    pageCount: 1
    materialCount: 1
  m_isUsingLegacyAnimationComponent: 0
  m_isVolumetricText: 0
  m_spriteAnimator: {fileID: 0}
  m_hasFontAssetChanged: 0
  m_subTextObjects:
  - {fileID: 0}
  - {fileID: 0}
  - {fileID: 0}
  - {fileID: 0}
  - {fileID: 0}
  - {fileID: 0}
  - {fileID: 0}
  - {fileID: 0}
  m_baseMaterial: {fileID: 0}
  m_maskOffset: {x: 0, y: 0, z: 0, w: 0}
--- !u!222 &2136375380
CanvasRenderer:
  m_ObjectHideFlags: 0
  m_CorrespondingSourceObject: {fileID: 0}
  m_PrefabInstance: {fileID: 0}
  m_PrefabAsset: {fileID: 0}
  m_GameObject: {fileID: 2136375377}
  m_CullTransparentMesh: 0
--- !u!1 &2142490480
GameObject:
  m_ObjectHideFlags: 0
  m_CorrespondingSourceObject: {fileID: 0}
  m_PrefabInstance: {fileID: 0}
  m_PrefabAsset: {fileID: 0}
  serializedVersion: 6
  m_Component:
  - component: {fileID: 2142490484}
  - component: {fileID: 2142490483}
  - component: {fileID: 2142490482}
  - component: {fileID: 2142490481}
  m_Layer: 5
  m_Name: LevelCanvas
  m_TagString: Untagged
  m_Icon: {fileID: 0}
  m_NavMeshLayer: 0
  m_StaticEditorFlags: 0
  m_IsActive: 1
--- !u!114 &2142490481
MonoBehaviour:
  m_ObjectHideFlags: 0
  m_CorrespondingSourceObject: {fileID: 0}
  m_PrefabInstance: {fileID: 0}
  m_PrefabAsset: {fileID: 0}
  m_GameObject: {fileID: 2142490480}
  m_Enabled: 1
  m_EditorHideFlags: 0
  m_Script: {fileID: 11500000, guid: dc42784cf147c0c48a680349fa168899, type: 3}
  m_Name: 
  m_EditorClassIdentifier: 
  m_IgnoreReversedGraphics: 1
  m_BlockingObjects: 0
  m_BlockingMask:
    serializedVersion: 2
    m_Bits: 4294967295
--- !u!114 &2142490482
MonoBehaviour:
  m_ObjectHideFlags: 0
  m_CorrespondingSourceObject: {fileID: 0}
  m_PrefabInstance: {fileID: 0}
  m_PrefabAsset: {fileID: 0}
  m_GameObject: {fileID: 2142490480}
  m_Enabled: 1
  m_EditorHideFlags: 0
  m_Script: {fileID: 11500000, guid: 0cd44c1031e13a943bb63640046fad76, type: 3}
  m_Name: 
  m_EditorClassIdentifier: 
  m_UiScaleMode: 0
  m_ReferencePixelsPerUnit: 100
  m_ScaleFactor: 1
  m_ReferenceResolution: {x: 800, y: 600}
  m_ScreenMatchMode: 0
  m_MatchWidthOrHeight: 0
  m_PhysicalUnit: 3
  m_FallbackScreenDPI: 96
  m_DefaultSpriteDPI: 96
  m_DynamicPixelsPerUnit: 1
--- !u!223 &2142490483
Canvas:
  m_ObjectHideFlags: 0
  m_CorrespondingSourceObject: {fileID: 0}
  m_PrefabInstance: {fileID: 0}
  m_PrefabAsset: {fileID: 0}
  m_GameObject: {fileID: 2142490480}
  m_Enabled: 1
  serializedVersion: 3
  m_RenderMode: 0
  m_Camera: {fileID: 0}
  m_PlaneDistance: 100
  m_PixelPerfect: 0
  m_ReceivesEvents: 1
  m_OverrideSorting: 0
  m_OverridePixelPerfect: 0
  m_SortingBucketNormalizedSize: 0
  m_AdditionalShaderChannelsFlag: 25
  m_SortingLayerID: 0
  m_SortingOrder: 0
  m_TargetDisplay: 0
--- !u!224 &2142490484
RectTransform:
  m_ObjectHideFlags: 0
  m_CorrespondingSourceObject: {fileID: 0}
  m_PrefabInstance: {fileID: 0}
  m_PrefabAsset: {fileID: 0}
  m_GameObject: {fileID: 2142490480}
  m_LocalRotation: {x: 0, y: 0, z: 0, w: 1}
  m_LocalPosition: {x: 0, y: 0, z: 0}
  m_LocalScale: {x: 0, y: 0, z: 0}
  m_Children:
  - {fileID: 598675341}
  m_Father: {fileID: 0}
  m_RootOrder: 4
  m_LocalEulerAnglesHint: {x: 0, y: 0, z: 0}
  m_AnchorMin: {x: 0, y: 0}
  m_AnchorMax: {x: 0, y: 0}
  m_AnchoredPosition: {x: 0, y: 0}
  m_SizeDelta: {x: 0, y: 0}
  m_Pivot: {x: 0, y: 0}
